<?xml version="1.0" encoding="UTF-8"?><collection xmlns="http://www.loc.gov/MARC21/slim"><record><leader>00559nam--2200181-i-4500</leader><controlfield tag="001">000038510</controlfield><controlfield tag="002">20161230</controlfield><controlfield tag="005">20161230201041</controlfield><controlfield tag="008">060222s1000------------r-----000-0-eng-d</controlfield><datafield ind1=" " ind2=" " tag="040"><subfield code="a">IFIN-HH</subfield></datafield><datafield ind1=" " ind2=" " tag="080"><subfield code="a">523</subfield></datafield><datafield ind1="1" ind2=" " tag="100"><subfield code="a">Reeves,Hubert</subfield></datafield><datafield ind1="1" ind2="0" tag="245"><subfield code="a">Nuclear reactions in stellar surfaces and their relations with stellar evolution</subfield><subfield code="c">Hubert reeves</subfield></datafield><datafield ind1=" " ind2=" " tag="260"><subfield code="a">New York</subfield><subfield code="b">Gordon And Breach Science Publishers</subfield><subfield code="c">1971</subfield></datafield><datafield ind1=" " ind2=" " tag="300"><subfield code="a">X + 87 P</subfield></datafield><datafield ind1=" " ind2=" " tag="490"><subfield code="a">Topics In Astrophysics And Space Physics</subfield><subfield code="v">Vol. 7</subfield></datafield><datafield ind1=" " ind2=" " tag="852"><subfield code="a">45183</subfield><subfield code="c">523</subfield></datafield><datafield ind1=" " ind2=" " tag="CAT"><subfield code="a">Sys</subfield><subfield code="c">20130830</subfield><subfield code="h">140822</subfield></datafield></record></collection>